@article{boutilier2011decision,
  title={Decision-theoretic planning: Structural assumptions and computational leverage},
  author={Boutilier, Craig and Dean, Thomas and Hanks, Steve},
  journal={arXiv preprint arXiv:1105.5460},
  year={2011}
}